@BOOK{Lamport:LaTeX,
    AUTHOR = "Leslie Lamport",
    TITLE = "LaTeX User's Guide and Document Reference Manual",
    PUBLISHER = "Addison-Wesley Publishing Company",
    ADDRESS = "Reading, Massachusetts",
    YEAR = "1986"}

@MANUAL{select,
 TITLE      = "select, pselect, FD\_CLR, FD\_ISSET, FD\_SET, FD\_ZERO - synchronous I/O multiplexing",
 edition   = "15.09.17",
 year       = "2017",
 month      = "September",
 note      = "Linux man page select(2)",
}

@inproceedings{gautham2012implications,
  title={The Implications of Shared Data Synchronization Techniques on Multi-Core Energy Efficiency.},
  author={Gautham, Ashok and Korgaonkar, Kunal and Slpsk, Patanjali and Balachandran, Shankar and Veezhinathan, Kamakoti},
  booktitle={HotPower},
  year={2012}
}

@MANUAL{ps,
 TITLE      = "ps - report a snapshot of the current processes.",
 AUTHOR        = "Lankester, B. and Johnson,  M. K. and Shields, M. and Blake, C. and Mossberger-Tang, D and Cahalan, A.",
 edition   = "3.3.12",
 year       = "2015",
 month      = "August",
 note      = "Linux man page ps(1) from procps-ng",
}

@MANUAL{vmstat,
 TITLE      = "vmstat - Report virtual memory statistics",
 AUTHOR        = "Ware, H. and Frederick, F.",
 edition   = "3.3.12",
 year       = "2011",
 month      = "September",
 note      = "Linux man page vmstat(1) from procps-ng",
}

@MANUAL{top,
 TITLE      = "top - display Linux processes",
 edition   = "3.3.12",
 year       = "2016",
 month      = "July",
 note      = "Linux man page top(1) from procps-ng",
}

@inproceedings{franke2002fuss,
  title={Fuss, futexes and furwocks: Fast userlevel locking in linux},
  author={Franke, Hubertus and Russell, Rusty and Kirkwood, Matthew},
  booktitle={AUUG Conference Proceedings},
  volume={85},
  year={2002},
  organization={AUUG, Inc.}
}

@misc{bitcoinRepo,
  author = {{The Bitcoin Core developers}},
  title = {Bitcoin Core integration/staging tree},
  year = {2018},
  publisher = {GitHub},
  journal = {GitHub repository},
  howpublished = {\url{https://github.com/bitcoin/bitcoin}},
  note = {ref:bf3353de90598f08a68d966c50b57ceaeb5b5d96}
}

@misc{bitcoinFork,
  author = {{The Bitcoin Core developers} and Jan MÃ¼ller},
  title = {Bitcoin Core integration/staging tree},
  year = {2018},
  publisher = {GitHub},
  journal = {GitHub repository},
  howpublished = {\url{https://github.com/Tschet1/bitcoin}},
}

@misc{cachegrind,
  author = {Josef Weidendorfer},
  title = {kcachegrind - CallGraphViewer},
  year = {2013},
  month      = "April",
  howpublished = {\url{https://kcachegrind.github.io/}},
}

@misc{gperftools,
  author = {Sanjay Ghemawat},
  title = {CPU profiler},
  year = {2018},
  month = "May",
  howpublished = {\url{https://gperftools.github.io/gperftools/cpuprofile.html}},
}

@article{nakamoto2008bitcoin,
  title={Bitcoin: A peer-to-peer electronic cash system},
  author={Nakamoto, Satoshi},
  year={2008}
}

@article{waidai,
      title={b-money},
   author={W. Dai},
   note={\url{http://www.weidai.com/bmoney.txt}},
   year={1998}
}
@article{parino2018analysis,
  title={Analysis of the Bitcoin blockchain: Socio-economic factors behind the adoption},
  author={Parino, Francesco and Gauvin, Laetitia and Beiro, Mariano G},
  journal={arXiv preprint arXiv:1804.07657},
  year={2018}
}

@misc{bitcoinexplorer,
  title = {blockchain.com},
  year = {2018},
  month=may,
  day=24,
  publisher = {BLOCKCHAIN LUXEMBOURG S.A},
  howpublished = {\url{https://www.blockchain.com}},
}

@misc{bitcoinNetworkProtocol,
 TITLE      = "Protocol documentation",
 year       = "2018",
 month      = "March",
 howpublished = {\url{https://en.bitcoin.it/w/index.php?title=Protocol_documentation&oldid=65104}},
}

@inproceedings{heilman2015eclipse,
  title={Eclipse Attacks on Bitcoin's Peer-to-Peer Network.},
  author={Heilman, Ethan and Kendler, Alison and Zohar, Aviv and Goldberg, Sharon},
  booktitle={USENIX Security Symposium},
  pages={129--144},
  year={2015}
}

@unpublished{apostolaki2018,
author = {Apostolaki, Maria and Vanbever, Laurent},
title = "SABRE: Protecting Bitcoin against Routing Attacks",
note = "submitted",
}

@inproceedings{apostolaki2017hijacking,
  title={Hijacking bitcoin: Routing attacks on cryptocurrencies},
  author={Apostolaki, Maria and Zohar, Aviv and Vanbever, Laurent},
  booktitle={Security and Privacy (SP), 2017 IEEE Symposium on},
  pages={375--392},
  year={2017},
  organization={IEEE}
}

@article{rosenfeld2014analysis,
  title={Analysis of hashrate-based double spending},
  author={Rosenfeld, Meni},
  journal={arXiv preprint arXiv:1402.2009},
  year={2014}
}

@inproceedings{eyal2014majority,
  title={Majority is not enough: Bitcoin mining is vulnerable},
  author={Eyal, Ittay and Sirer, Emin G{\"u}n},
  booktitle={International conference on financial cryptography and data security},
  pages={436--454},
  year={2014},
  organization={Springer}
}

@misc{fibre,
  title = {{Fast Internet Bitcoin Relay Engine}},
  note = {\url{http://bitcoinfibre.org}}
}


